% Encoding: UTF-8

@Misc{climate_modeling,
  author  = {UCAR Center for Science Education},
  title   = {Climate Modeling},
  year    = {2011},
  doi     = {UCAR Center for Science Education},
  journal = {Climate Modeling | UCAR Center for Science Education},
  url     = {https://scied.ucar.edu/longcontent/climate-modeling},
}

@Book{jana_majumder_2011,
  title     = {Impact of climate change on natural resource management},
  publisher = {Springer},
  year      = {2011},
  author    = {Jana, Bipal K. and Majumder, Mrinmoy},
  place     = {Dordrecht},
}

@Misc{regcm_ictp,
  author       = {International Centre for Theoretical Physics},
  title        = {Regional Model: REGCM4},
  howpublished = {\url{https://www.ictp.it/research/esp/models/regcm4.aspx}},
  journal      = {Regional Model: REGCM4 | International Centre for Theoritical Physics},
  url          = {https://www.ictp.it/research/esp/models/regcm4.aspx},
}

@Manual{regcm_man,
  title        = {Regional Climatic Model RegCM User Manual Version 4.1},
  author       = {Nellie Elguindi, Xunqiang Bi and others},
  organization = {International Centre for Theoretical Physics},
  address      = {Strada Costiera, 11 I - 34151 Trieste, Italy},
  month        = may,
  year         = {2011},
}

@Misc{ictlab,
  author       = {USTH ICTLab},
  title        = {Homepage},
  howpublished = {\url{http://ictlab.usth.edu.vn/}},
  url          = {http://ictlab.usth.edu.vn/},
}

@Misc{intro_parallel,
  author       = {Blaise Barney},
  title        = {Introduction to Parallel Computing},
  howpublished = {\url{https://computing.llnl.gov/tutorials/parallel_comp/}},
  organization = {Lawrence Livermore National Laboratory},
  url          = {https://computing.llnl.gov/tutorials/parallel_comp/#Whatis},
}

@Article{flynn,
  author  = {Michael J.Flynn},
  title   = {Very High-Speed Computing Systems},
  journal = {Proceedings of the IEEE},
  year    = {1967},
  month   = jan,
}

@InProceedings{amdahl,
  author  = {Gene M Amdahl},
  title   = {Validity of the single processor approach to achieving large scale computing capabilities},
  year    = {1967},
  journal = {Readings in Computer Architecture},
  url     = {http://www-inst.eecs.berkeley.edu/~n252/paper/Amdahl.pdf},
}

@Article{hpc_status,
  author  = {J.J. Dongarra and A.J. van der Steen},
  title   = {High Performance Computing Systems: Status and Outlook},
  journal = {Acta Numberica},
  year    = {2012},
}

@Article{intro_cluster,
  author  = {Mark Baker yz and Rajkumar Buyya},
  title   = {Cluster Computing at a Glance},
  year    = {1999},
  month   = may,
  chapter = {1},
}

@InBook{ic_cluster,
  chapter   = {16},
  title     = {Cluster Computing: High-Performance, High-Availability, and High-Throughput Processing on a Network of Computers},
  publisher = {Springer, Boston, MA},
  year      = {2006},
  author    = {Chee Shin Yeo1and Rajkumar Buyya and others},
  editor    = {Zomaya A.Y.},
  series    = {Handbook of Nature-Inspired and Innovative Computing},
}

@Book{redbook,
  title     = {Introduction to Grid Computing with Globus},
  publisher = {IBM},
  year      = {2003},
  author    = {Luis Ferreira and Viktors Berstis and others},
}

@Article{grid_tech,
  author  = {Georgiana MARIN},
  title   = {Grid Computing Technology},
  journal = {Database Systems Journal},
  year    = {2011},
  volume  = {2},
  number  = {3},
}

@Article{intro_grid,
  author  = {Rajkumar Buyya and Srikumar Venugopal},
  title   = {A Gentle Introduction to Grid Computing and Technology},
  journal = {CSI Communications},
  year    = {2005},
  volume  = {9},
  month   = may,
}

@Article{multicore,
  author  = {Rakhee Chhibber and R.B.Garg},
  title   = {Multicore Processor, Parallelism and Their Performance Analysis},
  journal = {International Journal of Advanced Research in Computer Science and Technology},
  year    = {2014},
  volume  = {2},
  month   = sep,
}

@Misc{ompfaq,
  author = {Matthijs van Waveren and Michael Wong and others},
  title  = {OpenMP Frequently Asked Question},
  month  = nov,
  year   = {2013},
  url    = {http://www.openmp.org/about/openmp-faq/#Content.OMPAPI},
}

@Manual{omp_intro,
  title  = {An Introduction to Parallel Programming with OpenMP},
  author = {Alina Kiessling},
  month  = apr,
  year   = {2009},
}

@Misc{grid5000,
  author       = {Grid5000},
  title        = {Homepage},
  howpublished = {\url{https://www.grid5000.fr/}},
}

@Misc{grid5000img,
  author       = {compas2014},
  title        = {Grid5000 - Getting Started and Experiments Big-Data},
  howpublished = {\url{http://compas2014.unine.ch/atelier3}},
}

@Book{GPU,
  title     = {Programming Massively Parallel Processors: A Hands-on Approach},
  publisher = {Morgan Kaufmann},
  year      = {2010},
  author    = {David B. Kirk and Wen-mei W. Hwu},
}

@Comment{jabref-meta: databaseType:bibtex;}
